<record><leader>00000cas a22000007a 4500</leader><controlfield tag="001">13032707</controlfield><controlfield tag="008">860117d18661868wvuwr ne      0    0eng d</controlfield><datafield ind1=" " ind2=" " tag="010"><subfield code="a">sn 86092031 </subfield></datafield><datafield ind1=" " ind2=" " tag="040"><subfield code="a">WVC</subfield><subfield code="b">eng</subfield><subfield code="c">WVC</subfield><subfield code="d">OCL</subfield><subfield code="d">OCLCQ</subfield></datafield><datafield ind1=" " ind2=" " tag="042"><subfield code="a">msc</subfield></datafield><datafield ind1="0" ind2="0" tag="245"><subfield code="a">Fairmont vedette.</subfield></datafield><datafield ind1=" " ind2=" " tag="260"><subfield code="a">Fairmont, W. Va. :</subfield><subfield code="b">J.N. Boyd</subfield></datafield><datafield ind1=" " ind2=" " tag="300"><subfield code="a">v.</subfield></datafield><datafield ind1=" " ind2=" " tag="310"><subfield code="a">Weekly</subfield></datafield><datafield ind1="1" ind2=" " tag="362"><subfield code="a">Began in 1866; ceased in 1868?</subfield></datafield><datafield ind1=" " ind2=" " tag="500"><subfield code="a">Founded by J.N. Boyd and Timothy B. Taylor. Cf. Dunnington, George A. Hist. &amp; Progress of the County of Marion W. Va. ...</subfield></datafield><datafield ind1=" " ind2=" " tag="500"><subfield code="a">"Republican."</subfield></datafield><datafield ind1=" " ind2=" " tag="588"><subfield code="a">Description based on: Vol. 1, no. 2 (Jan. 27, 1866).</subfield></datafield><datafield ind1=" " ind2=" " tag="752"><subfield code="a">United States</subfield><subfield code="b">West Virginia</subfield><subfield code="c">Marion</subfield><subfield code="d">Fairmont.</subfield></datafield><datafield ind1="0" ind2="1" tag="785"><subfield code="t">West Virginian</subfield><subfield code="w">(DLC)sn 84026796</subfield></datafield></record>